
@INPROCEEDINGS{twin1,
  author={Bonnet, Édouard and Kim, Eun Jung and Thomassé, Stéphan and Watrigant, Rémi},
  booktitle={2020 IEEE 61st Annual Symposium on Foundations of Computer Science (FOCS)}, 
  title={Twin-width I: tractable FO model checking}, 
  year={2020},
  volume={},
  number={},
  pages={601-612},
  doi={10.1109/FOCS46700.2020.00062}
}

@misc{ahn2022twinwidth,
      title={Twin-width of random graphs}, 
      author={Jungho Ahn and Debsoumya Chakraborti and Kevin Hendrey and Donggyu Kim and Sang-il Oum},
      year={2022},
      eprint={2212.07880},
      archivePrefix={arXiv},
}

@inproceedings{schidler2022sat,
  title={A SAT approach to twin-width},
  author={Schidler, Andr{\'e} and Szeider, Stefan},
  booktitle={2022 Proceedings of the Symposium on Algorithm Engineering and Experiments (ALENEX)},
  pages={67--77},
  year={2022},
  doi = {10.1137/1.9781611977042.6},
  organization={SIAM}
}

@article{bocker2009going,
  title={Going weighted: Parameterized algorithms for cluster editing},
  author={B{\"o}cker, Sebastian and Briesemeister, Sebastian and Bui, Quang Bao Anh and Tru{\ss}, Anke},
  journal={Theoretical Computer Science},
  volume={410},
  number={52},
  pages={5467--5480},
  year={2009},
  publisher={Elsevier}
}

@article{bocker2011exact,
  title={Exact algorithms for cluster editing: Evaluation and experiments},
  author={B{\"o}cker, Sebastian and Briesemeister, Sebastian and Klau, Gunnar W},
  journal={Algorithmica},
  volume={60},
  number={2},
  pages={316--334},
  year={2011},
  publisher={Springer}
}

@InProceedings{gottesbueren2020eng,
  author =	{Lars Gottesb{\"u}ren and Michael Hamann and Philipp Schoch and Ben Strasser and Dorothea Wagner and Sven Z{\"u}hlsdorf},
  title =	{{Engineering Exact Quasi-Threshold Editing}},
  booktitle =	{18th International Symposium on Experimental Algorithms (SEA 2020)},
  pages =	{10:1--10:14},
  year =	{2020},
  volume =	{160},
  publisher =	{Schloss Dagstuhl--Leibniz-Zentrum f{\"u}r Informatik},
  doi =	{10.4230/LIPIcs.SEA.2020.10},
}

@article{bocker2012golden,
  title={A golden ratio parameterized algorithm for cluster editing},
  author={B{\"o}cker, Sebastian},
  journal={Journal of Discrete Algorithms},
  volume={16},
  pages={79--89},
  year={2012},
  publisher={Elsevier}
}

@article{guo2009more,
  title={A more effective linear kernelization for cluster editing},
  author={Guo, Jiong},
  journal={Theoretical Computer Science},
  volume={410},
  number={8-10},
  pages={718--726},
  year={2009},
  publisher={Elsevier}
}

@article{cao2012cluster,
  title={Cluster editing: Kernelization based on edge cuts},
  author={Cao, Yixin and Chen, Jianer},
  journal={Algorithmica},
  volume={64},
  number={1},
  pages={152--169},
  year={2012},
  publisher={Springer}
}

@article{bastos2016efficient,
  title={Efficient algorithms for cluster editing},
  author={Bastos, Lucas and Ochi, Luiz Satoru and Protti, F{\'a}bio and Subramanian, Anand and Martins, Ivan C{\'e}sar and Pinheiro, Rian Gabriel S},
  journal={Journal of Combinatorial Optimization},
  volume={31},
  number={1},
  pages={347--371},
  year={2016},
  publisher={Springer}
}

